@inproceedings{nature2019,
author = {Hongda Wang and Yair Rivenson and Yiyin Jin and Zhensong Wei and Ronald Gao and Harun Günaydın and Laurent A. Bentolila and Comert Kural and Aydogan Ozcan},
title = {{Deep-learning enables cross-modality super-resolution in fluorescence microscopy (Conference Presentation)}},
volume = {10937},
booktitle = {Optical Data Science II},
editor = {Bahram Jalali and Ken-ichi Kitayama},
organization = {International Society for Optics and Photonics},
publisher = {SPIE},
keywords = {super-resolution, deep learning, cross-modality, STED, TIRF, TIRF-SIM, confocal, generative adversarial network},
year = {2019},
doi = {10.1117/12.2507596},
URL = {https://doi.org/10.1117/12.2507596}
}

@article{Ronneberger2015,
  author    = {Olaf Ronneberger and
               Philipp Fischer and
               Thomas Brox},
  title     = {U-Net: Convolutional Networks for Biomedical Image Segmentation},
  journal   = {CoRR},
  volume    = {abs/1505.04597},
  year      = {2015},
  url       = {http://arxiv.org/abs/1505.04597},
  archivePrefix = {arXiv},
  eprint    = {1505.04597},
  timestamp = {Mon, 13 Aug 2018 16:46:52 +0200},
  biburl    = {https://dblp.org/rec/journals/corr/RonnebergerFB15.bib},
  bibsource = {dblp computer science bibliography, https://dblp.org}
}

@ARTICLE{ElGheche2017,
  author={M. {El Gheche} and J. {Aujol} and Y. {Berthoumieu} and C. {Deledalle}},
  journal={IEEE Transactions on Image Processing}, 
  title={Texture Reconstruction Guided by a High-Resolution Patch}, 
  year={2017},
  volume={26},
  number={2},
  pages={549-560},}
  
 @Article{Kawamura2018,
author={Kawamura, Naoki
and Yokota, Tatsuya
and Hontani, Hidekata},
title={Super-Resolution of Magnetic Resonance Images via Convex Optimization with Local and Global Prior Regularization and Spectrum Fitting},
journal={International Journal of Biomedical Imaging},
year={2018},
month={Sep},
day={02},
publisher={Hindawi},
volume={2018},
pages={9262847},
issn={1687-4188},
doi={10.1155/2018/9262847},
url={https://doi.org/10.1155/2018/9262847}
}

@misc{lyu2018superresolution,
    title={Super-resolution MRI through Deep Learning},
    author={Qing Lyu and Chenyu You and Hongming Shan and Ge Wang},
    year={2018},
    eprint={1810.06776},
    archivePrefix={arXiv},
    primaryClass={physics.med-ph}
}

@INPROCEEDINGS{7095900,
  author={J. S. {Isaac} and R. {Kulkarni}},
  booktitle={2015 International Conference on Technologies for Sustainable Development (ICTSD)}, 
  title={Super resolution techniques for medical image processing}, 
  year={2015},
  volume={},
  number={},
  pages={1-6}}
  
  @article{chierchia2017,
  author    = {Giovanni Chierchia and
               Davide Cozzolino and
               Giovanni Poggi and
               Luisa Verdoliva},
  title     = {{SAR} image despeckling through convolutional neural networks},
  journal   = {CoRR},
  volume    = {abs/1704.00275},
  year      = {2017},
  url       = {http://arxiv.org/abs/1704.00275},
  archivePrefix = {arXiv},
  eprint    = {1704.00275},
  timestamp = {Mon, 13 Aug 2018 16:48:30 +0200},
  biburl    = {https://dblp.org/rec/journals/corr/ChierchiaCPV17.bib},
  bibsource = {dblp computer science bibliography, https://dblp.org}
}

@Article{Janowczyk2018,
author={Janowczyk, Andrew
and Doyle, Scott
and Gilmore, Hannah
and Madabhushi, Anant},
title={A resolution adaptive deep hierarchical (RADHicaL) learning scheme applied to nuclear segmentation of digital pathology images},
journal={Computer methods in biomechanics and biomedical engineering. Imaging {\&} visualization},
year={2018},
edition={2016/04/28},
volume={6},
number={3},
pages={270-276},
note={29732269[pmid]},
note={PMC5935259[pmcid]},
issn={2168-1163},
doi={10.1080/21681163.2016.1141063},
url={https://pubmed.ncbi.nlm.nih.gov/29732269},
url={https://doi.org/10.1080/21681163.2016.1141063},
language={eng}
}

@article{Junjun2018,
  author    = {Junjun Jiang and
               Yi Yu and
               Jinhui Hu and
               Suhua Tang and
               Jiayi Ma},
  title     = {Deep {CNN} Denoiser and Multi-layer Neighbor Component Embedding for
               Face Hallucination},
  journal   = {CoRR},
  volume    = {abs/1806.10726},
  year      = {2018},
  url       = {http://arxiv.org/abs/1806.10726},
  archivePrefix = {arXiv},
  eprint    = {1806.10726},
  timestamp = {Mon, 13 Aug 2018 16:49:00 +0200},
  biburl    = {https://dblp.org/rec/journals/corr/abs-1806-10726.bib},
  bibsource = {dblp computer science bibliography, https://dblp.org}
}

@ARTICLE{zhang2019,
  author={S. {Zhang} and G. {Liang} and S. {Pan} and L. {Zheng}},
  journal={IEEE Access}, 
  title={A Fast Medical Image Super Resolution Method Based on Deep Learning Network}, 
  year={2019},
  volume={7},
  number={},
  pages={12319-12327},}
  
  @Article{Carstens2017,
author={Carstens, Julienne L.
and Correa de Sampaio, Pedro
and Yang, Dalu
and Barua, Souptik
and Wang, Huamin
and Rao, Arvind
and Allison, James P.
and LeBleu, Valerie S.
and Kalluri, Raghu},
title={Spatial computation of intratumoral T cells correlates with survival of patients with pancreatic cancer},
journal={Nature Communications},
year={2017},
month={Apr},
day={27},
volume={8},
number={1},
pages={15095},
issn={2041-1723},
doi={10.1038/ncomms15095},
url={https://doi.org/10.1038/ncomms15095}
}

@article{Bottomley2019,
author = {Bottomley, Matthew and Thomson, Jason and Harwood, Catherine and Leigh, Irene},
year = {2019},
month = {04},
pages = {2009},
title = {The Role of the Immune System in Cutaneous Squamous Cell Carcinoma},
volume = {20},
journal = {International Journal of Molecular Sciences},
doi = {10.3390/ijms20082009}
}